<?xml version="1.0" encoding="UTF-8"?>
<record xmlns="http://www.loc.gov/MARC21/slim" xmlns:xsi="http://www.w3.org/2001/XMLSchema-instance" xsi:schemaLocation="http://www.loc.gov/MARC21/slim http://www.loc.gov/standards/marcxml/schema/MARC21slim.xsd">
<leader>     nam a2200313 a 4500</leader>
<controlfield tag="001">001591597</controlfield>
<controlfield tag="003">NNU</controlfield>
<controlfield tag="005">20061010170939.0</controlfield>
<controlfield tag="008">000218s1908    ae            001 0 ara d</controlfield>
<datafield tag="035" ind1="9" ind2=" ">
<subfield code="a">NYUb12103559</subfield>
</datafield>
<datafield tag="035" ind1=" " ind2=" ">
<subfield code="a">(CStRLIN)NYUG00-B603</subfield>
</datafield>
<datafield tag="040" ind1=" " ind2=" ">
<subfield code="a">NNU</subfield>
<subfield code="c">NNU</subfield>
</datafield>
<datafield tag="043" ind1=" " ind2=" ">
<subfield code="a">f-----</subfield>
</datafield>
<datafield tag="050" ind1=" " ind2="4">
<subfield code="a">DT163</subfield>
<subfield code="b">.W37 1908</subfield>
</datafield>
<datafield tag="066" ind1=" " ind2=" ">
<subfield code="c">(3</subfield>
</datafield>
<datafield tag="090" ind1=" " ind2=" ">
<subfield code="a">DT163</subfield>
<subfield code="b">.W37 1908</subfield>
</datafield>
<datafield tag="100" ind1="1" ind2=" ">
<subfield code="6">880-01</subfield>
<subfield code="a">Warthīlānī, al-Ḥusayn ibn Muḥammad,</subfield>
<subfield code="d">1713-1779?</subfield>
</datafield>
<datafield tag="245" ind1="1" ind2="0">
<subfield code="6">880-02</subfield>
<subfield code="a">Nuzhat al-anẓār fī faḍl ʻilm al-tārīkh wa-al-akhbār :</subfield>
<subfield code="b">al- mashhūrah bi-al-Riḥlah al-Warthīlānīyah /</subfield>
<subfield code="c">li-al-Ḥusayn ibn Muḥammad al-Warthīlānī.</subfield>
</datafield>
<datafield tag="260" ind1=" " ind2=" ">
<subfield code="6">880-03</subfield>
<subfield code="a">al-Jazāʼir :</subfield>
<subfield code="b">Maṭbaʻat Biyīr Fūntānā al-Sharqīyah,</subfield>
<subfield code="c">1908.</subfield>
</datafield>
<datafield tag="300" ind1=" " ind2=" ">
<subfield code="a">5, 819 p. ;</subfield>
<subfield code="c">28 cm.</subfield>
</datafield>
<datafield tag="500" ind1=" " ind2=" ">
<subfield code="a">Includes indexes.</subfield>
</datafield>
<datafield tag="600" ind1="1" ind2="0">
<subfield code="a">Warthīlānī, al-Ḥusayn ibn Muḥammad,</subfield>
<subfield code="d">1713-1779?</subfield>
</datafield>
<datafield tag="651" ind1=" " ind2="0">
<subfield code="a">Africa, North</subfield>
<subfield code="x">Description and travel.</subfield>
</datafield>
<datafield tag="651" ind1=" " ind2="0">
<subfield code="a">Hejaz</subfield>
<subfield code="x">Description and travel.</subfield>
</datafield>
<datafield tag="740" ind1="0" ind2=" ">
<subfield code="6">880-04</subfield>
<subfield code="a">Riḥlah al-Warthīlānīyah.</subfield>
</datafield>
<datafield tag="880" ind1="1" ind2=" ">
<subfield code="6">100-01/</subfield>
<subfield code="a">ورثيلاني، الحسن بن محمد.</subfield>
</datafield>
<datafield tag="880" ind1="1" ind2="0">
<subfield code="6">245-02/</subfield>
<subfield code="a">نزهة الانظار في فضل علم التاريخ والاخبار :</subfield>
<subfield code="b">المشهورة بالرحلة الورثيلاني /</subfield>
<subfield code="c">لالحين بن محمد الورثيلاني.</subfield>
</datafield>
<datafield tag="880" ind1=" " ind2=" ">
<subfield code="6">260-03/</subfield>
<subfield code="a">الجزائر :</subfield>
<subfield code="b">مطبعة بيير فونتانا الشرقية،</subfield>
<subfield code="c">١٩٠٨.</subfield>
</datafield>
<datafield tag="880" ind1="0" ind2=" ">
<subfield code="6">740-04/</subfield>
<subfield code="a">رحلة الورثيلانية.</subfield>
</datafield>
<datafield tag="OWN" ind1=" " ind2=" ">
<subfield code="a">GENERAL</subfield>
</datafield>
<datafield tag="998" ind1=" " ind2=" ">
<subfield code="a">20000218</subfield>
<subfield code="d">20000218</subfield>
<subfield code="d">20000218</subfield>
<subfield code="n">NNU</subfield>
<subfield code="s">1</subfield>
<subfield code="t">c</subfield>
<subfield code="z">p</subfield>
</datafield>
<datafield tag="AVA" ind1=" " ind2=" ">
<subfield code="a">NYU50</subfield>
<subfield code="b">BOBST</subfield>
<subfield code="c">Main Collection</subfield>
<subfield code="d">DT163 .W37 1908</subfield>
<subfield code="e">unavailable</subfield>
<subfield code="t">Unavailable</subfield>
<subfield code="f">1</subfield>
<subfield code="g">1</subfield>
<subfield code="h">N</subfield>
<subfield code="i">1</subfield>
<subfield code="j">MAIN</subfield>
<subfield code="k">0</subfield>
</datafield>
</record>
